<?xml version="1.0" encoding="UTF-8"?><collection xmlns="http://www.loc.gov/MARC21/slim"><record><leader>00553nam--2200181-u-4500</leader><controlfield tag="001">000054647</controlfield><controlfield tag="002">20161230</controlfield><controlfield tag="005">20161230201051</controlfield><controlfield tag="008">120510s1000------------r-----000-0-fre-d</controlfield><datafield ind1=" " ind2=" " tag="040"><subfield code="a">IFIN-HH</subfield></datafield><datafield ind1=" " ind2=" " tag="041"><subfield code="a">fre</subfield></datafield><datafield ind1=" " ind2=" " tag="080"><subfield code="a">539.143.43(043)+543.422.25</subfield></datafield><datafield ind1="1" ind2=" " tag="100"><subfield code="a">Vanni, Henri</subfield></datafield><datafield ind1="1" ind2="0" tag="245"><subfield code="a">La resonance magnetique nucleaire haute resolution sous haute pression un moyen d'investigation en cintetique chimique</subfield><subfield code="b">These</subfield><subfield code="c">Henri vanni</subfield></datafield><datafield ind1=" " ind2=" " tag="260"><subfield code="a">Lausanne</subfield><subfield code="b">Faculte</subfield><subfield code="c">1977</subfield></datafield><datafield ind1=" " ind2=" " tag="300"><subfield code="a">177P</subfield></datafield><datafield ind1=" " ind2=" " tag="852"><subfield code="a">46807</subfield><subfield code="c">539.143.43</subfield></datafield><datafield ind1=" " ind2=" " tag="CAT"><subfield code="a">Sys</subfield><subfield code="c">20120510</subfield><subfield code="h">145728</subfield></datafield></record></collection>